<record xmlns='http://www.loc.gov/MARC21/slim'><leader>01016ntm a2200277 i 4500</leader><controlfield tag='001'>991058292171106011</controlfield><controlfield tag='005'>20220413123614.0</controlfield><controlfield tag='008'>220406s1733    xx            000 0 eng d</controlfield><datafield ind1=' ' ind2=' ' tag='035'><subfield code='a'>(OCoLC)1309089767h</subfield></datafield><datafield ind1=' ' ind2=' ' tag='035'><subfield code='a'>(OCoLC)on1309089767h</subfield></datafield><datafield ind1=' ' ind2=' ' tag='040'><subfield code='a'>HRH</subfield><subfield code='b'>eng</subfield><subfield code='e'>dcrmmss</subfield><subfield code='c'>HRH</subfield></datafield><datafield ind1=' ' ind2=' ' tag='041'><subfield code='a'>lat</subfield></datafield><datafield ind1=' ' ind2=' ' tag='049'><subfield code='a'>HRHH</subfield></datafield><datafield ind1=' ' ind2='9' tag='099'><subfield code='a'>MS 3327, Container 234</subfield></datafield><datafield ind1='0' ind2='0' tag='245'><subfield code='a'>De arte rhetorica :</subfield><subfield code='b'>vol II :</subfield><subfield code='k'>manuscript draft.</subfield></datafield><datafield ind1=' ' ind2='0' tag='264'><subfield code='a'>Italy :</subfield><subfield code='b'>Producer unknown,</subfield><subfield code='c'>after 1733</subfield></datafield><datafield ind1=' ' ind2=' ' tag='300'><subfield code='a'>112 leaves ; 20 cm</subfield></datafield><datafield ind1=' ' ind2=' ' tag='500'><subfield code='a'>Date conjecuted from watermark 1378 dated in Mosin, Anchor watermarks.</subfield></datafield><datafield ind1=' ' ind2=' ' tag='500'><subfield code='a'>Title from spine of binding.</subfield></datafield><datafield ind1=' ' ind2=' ' tag='520'><subfield code='a'>A treatise on rhetoric.</subfield></datafield><datafield ind1=' ' ind2=' ' tag='590'><subfield code='a'>MS 3327, Container 234: Bound in parchment over boards. Gift of Kathy Henderson, 1992. Slip with pencil manuscript &apos;64&apos; laid in.</subfield></datafield><datafield ind1=' ' ind2='0' tag='650'><subfield code='a'>Rhetoric.</subfield></datafield><datafield ind1=' ' ind2='7' tag='655'><subfield code='a'>Treatises.</subfield><subfield code='2'>aat</subfield></datafield><datafield ind1='2' ind2=' ' tag='791'><subfield code='a'>Medieval and Early Modern Manuscripts Collection.</subfield></datafield><datafield ind1='2' ind2=' ' tag='979'><subfield code='a'>Medieval and Early Modern Manuscripts Collection.</subfield></datafield><datafield ind1=' ' ind2=' ' tag='994'><subfield code='a'>C0</subfield><subfield code='b'>HRH</subfield></datafield></record>
